<?xml version="1.0" encoding="UTF-8"?><record xmlns="http://www.loc.gov/MARC21/slim" xmlns:cinclude="http://apache.org/cocoon/include/1.0" xmlns:zs="http://www.loc.gov/zing/srw/">
  <leader>00623nz  a2200133n  4500</leader>
  <controlfield tag="001">n  92002586 </controlfield>
  <controlfield tag="003">DLC</controlfield>
  <controlfield tag="005">19920109134423.6</controlfield>
  <controlfield tag="008">920109n| acannaab|          |a ana |||  </controlfield>
  <datafield tag="010" ind1=" " ind2=" ">
    <subfield code="a">n  92002586 </subfield>
  </datafield>
  <datafield tag="040" ind1=" " ind2=" ">
    <subfield code="a">DLC</subfield>
    <subfield code="c">DLC</subfield>
  </datafield>
  <datafield tag="110" ind1="2" ind2="0">
    <subfield code="a">International Union of Forestry Research Organizations.</subfield>
    <subfield code="b">Cone and Seed Insects Working Party S2.07-01</subfield>
  </datafield>
  <datafield tag="410" ind1="2" ind2="0">
    <subfield code="a">Cone and Seed Insects Working Party S2.07-01</subfield>
  </datafield>
  <datafield tag="670" ind1=" " ind2=" ">
    <subfield code="a">Its Conference (2nd : 1986 : BriancĚ§on, France) Proceedings of the 2nd Conference of the Cone and Seed Insects Working Party S2.07-01, 1986:</subfield>
    <subfield code="b">t.p. (Cone and Seed Insects Working Party S2.07-01) p. viii (IUFRO Working Party)</subfield>
  </datafield>
</record>